@misc{défossez2022simple,
      title={A Simple Convergence Proof of Adam and Adagrad}, 
      author={Alexandre Défossez and Léon Bottou and Francis Bach and Nicolas Usunier},
      year={2022},
      eprint={2003.02395},
      archivePrefix={arXiv},
      primaryClass={stat.ML}
}