@misc{reddi2019convergence,
      title={On the Convergence of Adam and Beyond}, 
      author={Sashank J. Reddi and Satyen Kale and Sanjiv Kumar},
      year={2019},
      eprint={1904.09237},
      archivePrefix={arXiv},
      primaryClass={cs.LG}
}