@misc{zhuang2022understanding,
      title={Understanding AdamW through Proximal Methods and Scale-Freeness}, 
      author={Zhenxun Zhuang and Mingrui Liu and Ashok Cutkosky and Francesco Orabona},
      year={2022},
      eprint={2202.00089},
      archivePrefix={arXiv},
      primaryClass={cs.LG}
}