@misc{langford2009slow,
      title={Slow Learners are Fast}, 
      author={John Langford and Alexander Smola and Martin Zinkevich},
      year={2009},
      eprint={0911.0491},
      archivePrefix={arXiv},
      primaryClass={math.OC}
}